<?xml version="1.0" encoding="UTF-8"?><collection xmlns="http://www.loc.gov/MARC21/slim"><record><leader>00463nam--2200157-i-4500</leader><controlfield tag="001">000014869</controlfield><controlfield tag="002">20161230</controlfield><controlfield tag="005">20170126010908</controlfield><controlfield tag="008">060222s1000------------r-----000-0-eng-d</controlfield><datafield ind1=" " ind2=" " tag="080"><subfield code="a">530.1</subfield></datafield><datafield ind1=" " ind2=" " tag="245"><subfield code="a">Niels Bohr and the development of physics. Essays dedicated to Niels Bohr on the occasion of his seventieth birthday</subfield></datafield><datafield ind1=" " ind2=" " tag="260"><subfield code="a">Oxford</subfield><subfield code="b">Pergamon Press</subfield><subfield code="c">1965</subfield></datafield><datafield ind1=" " ind2=" " tag="300"><subfield code="a">195 p</subfield></datafield><datafield ind1=" " ind2=" " tag="700"><subfield code="a">Pauli, Wolfgang</subfield></datafield><datafield ind1=" " ind2=" " tag="852"><subfield code="a">10936</subfield></datafield><datafield ind1=" " ind2=" " tag="CAT"><subfield code="a">SYS</subfield><subfield code="c">20170126</subfield><subfield code="h">010908</subfield></datafield></record></collection>